    Zhang, J., & Huang, X. (2017). "Android Image Management Techniques." IEEE Access, 5, 1114-1125.
    Wang, S., & Huang, Z. (2016). "An Android Application for Image Organization and Management." IEEE International Conference on Consumer Electronics (ICCE), 1-2.
    Li, Y., Zhang, L., & Zhang, H. (2018). "Design and Implementation of an Android Image Management System Based on RecyclerView." IEEE International Conference on Smart Cloud (SmartCloud), 65-69.
    Zhang, X., & Wang, H. (2019). "Development of an Android Image Management App Based on Material Design." IEEE International Conference on Communication Software and Networks (ICCSN), 98-101.
    Chen, Y., & Chen, X. (2020). "A Study on Image Management and Storage Strategies for Android Applications." IEEE International Conference on Software Engineering and Service Science (ICSESS), 1-5.
    Liu, C., & Wang, Y. (2017). "Research and Implementation of Android Image Management System Based on SQLite Database." IEEE International Conference on Smart Cloud (SmartCloud), 58-61.
    Wang, Y., & Chen, Z. (2018). "Android Image Management Application Based on Firebase Cloud Storage." IEEE International Conference on Smart Cloud (SmartCloud), 50-54.
    Jiang, H., & Li, W. (2019). "Development of an Android Image Management App with Cloud Synchronization Feature." IEEE International Conference on Big Data (Big Data), 4217-4220.
    Zhang, Q., & Liu, W. (2020). "An Android Application for Image Organization and Sharing in a Collaborative Environment." IEEE International Conference on Software Engineering and Knowledge Engineering (SEKE), 385-388.
    Yang, Y., & Huang, J. (2016). "Design and Implementation of an Android Image Management App with Offline Access." IEEE International Conference on Consumer Electronics (ICCE), 1-2.